@inproceedings{birdsnap,
  title={Birdsnap: Large-scale fine-grained visual categorization of birds},
  author={Berg, Thomas and Liu, Jiongxin and Lee, Seung Woo and Alexander, Michelle L and Jacobs, David W and Belhumeur, Peter N},
  booktitle={Computer Vision and Pattern Recognition (CVPR), 2014 IEEE Conference on},
  pages={2019--2026},
  year={2014},
  organization={IEEE}
}

@inproceedings{nyc3D,
  title={NYC3DCars: A Dataset of 3D Vehicles in Geographic Context},
  author={Matzen, Kevin and Snavely, Noah},
  booktitle={Computer Vision (ICCV), 2013 IEEE International Conference on},
  pages={761--768},
  year={2013},
  organization={IEEE}
}

@incollection{amir,
  title={GIS-Assisted Object Detection and Geospatial Localization},
  author={Ardeshir, Shervin and Zamir, Amir Roshan and Torroella, Alejandro and Shah, Mubarak},
  booktitle={Computer Vision--ECCV 2014},
  pages={602--617},
  year={2014},
  publisher={Springer}
}

@article{mit_plos_1,
  title={The collaborative image of the city: mapping the inequality of urban perception},
  author={Salesses, Philip and Schechtner, Katja and Hidalgo, C{\'e}sar A},
  journal={PloS one},
  volume={8},
  number={7},
  pages={e68400},
  year={2013},
  publisher={Public Library of Science}
}

@inproceedings{MIT_vision,
  title={Streetscore--Predicting the Perceived Safety of One Million Streetscapes},
  author={Naik, Nikhil and Philipoom, Jade and Raskar, Ramesh and Hidalgo, Cesar},
  booktitle={Computer Vision and Pattern Recognition Workshops (CVPRW), 2014 IEEE Conference on},
  pages={793--799},
  year={2014},
  organization={IEEE}
}

@incollection{tamara,
  title={Learning High-level Judgments of Urban Perception},
  author={Ordonez, Vicente and Berg, Tamara L},
  booktitle={Computer Vision--ECCV 2014},
  pages={494--510},
  year={2014},
  publisher={Springer}
}

@article{caltech_birds,
  title={The caltech-ucsd birds-200-2011 dataset},
  author={Wah, Catherine and Branson, Steve and Welinder, Peter and Perona, Pietro and Belongie, Serge},
  year={2011},
  publisher={California Institute of Technology}
}

@incollection{zhang2014part,
  title={Part-Based R-CNNs for Fine-Grained Category Detection},
  author={Zhang, Ning and Donahue, Jeff and Girshick, Ross and Darrell, Trevor},
  booktitle={Computer Vision--ECCV 2014},
  pages={834--849},
  year={2014},
  publisher={Springer}
}

